@BOOK{vbokh81,
  author =       {Van Bokhoven, W.M.G.},
  title =        {``Piecewise linear modelling and analysis"},
  publisher =    {Kluwer Technische Boeken},
  year =         {1981},
  address =      {Deventer, The Netherlands},
}

@ARTICLE{guzelis91,
  author =       {G. Guzelis. and I. Goknar},
  title =        {``{A canonical representation for piecewise affine maps and its application to circuit analysis}"},
  journal =      {IEEE Transactions on Circuits and Systems},
  year =         {1991},
  volume =       {Vol.38},
  pages =        {pages 1342--1354},
  month =        {Nov.}
}

@ARTICLE{kah90,
  author =       {C. Kahlert. and L.O. Chua},
  title =        {``{A generalized canonical piecewise linear representation}"},
  journal =      {IEEE Transactions on Circuits and Systems},
  year =         {1990},
  volume =       {Vol.37},
  month =        {March.},
  pages =        {pages 373--382}
}

